
@ARTICLE{Talagrand96,
  author = {Talagrand, Michel},
  title = {{A new look at independence}},
  journal = {Ann. Probab.},
  year = {1996},
  volume = {24},
  pages = {1~--~34},
  number = {1},
  coden = {APBYAE},
  fjournal = {The Annals of Probability},
  mrclass = {60E15 (28A35)},
  mrnumber = {97d:60028},
  mrreviewer = {Peter Eichelsbacher}
}


@BOOK{Vapnik98,
  title = {{Statistical Learning Theory}},
  publisher = {Wiley},
  year = {1998},
  author = {V.~Vapnik},
  address = {New York}
}
