@INPROCEEDINGS{agarwal98arrangements,
    author = {Pankaj K. Agarwal and Micha Sharir},
    title = {Arrangements and Their Applications},
    booktitle = {Handbook of Computational Geometry},
    year = {1998},
    pages = {49--119},
    publisher = {Elsevier Science Publishers B.V. North-Holland},
    language = {english}
}

@inproceedings{lee12backtrack,
 author = {Lee, Chul-Ho and Xu, Xin and Eun, Do Young},
 title = {Beyond random walk and metropolis-hastings samplers:
  why you should not backtrack for unbiased graph sampling},
 booktitle = {Proceedings of the 12th ACM SIGMETRICS/PERFORMANCE
 joint international conference on Measurement and Modeling of Computer Systems},
 series = {SIGMETRICS '12},
 year = {2012},
 isbn = {978-1-4503-1097-0},
 location = {London, England, UK},
 pages = {319--330},
 numpages = {12},
 doi = {10.1145/2254756.2254795},
 acmid = {2254795},
 publisher = {ACM},
 address = {New York, NY, USA},
 keywords = {asymptotic variance, non-reversible markov chains, random walks, unbiased graph sampling},
 language = {english}
}

@inproceedings{jin2012pacbayes,
  added-at = {2013-02-22T00:00:00.000+0100},
  author = {Jin, Chi and Wang, Liwei},
  booktitle = {NIPS},
  editor = {Bartlett, Peter L. and Pereira, Fernando C. N. and Burges, Christopher J. C. and Bottou, Leon and Weinberger, Kilian Q.},
  ee = {http://books.nips.cc/papers/files/nips25/NIPS2012_0497.pdf},
  interhash = {442f71ac424be7e5193d25433063eb71},
  intrahash = {4be96f2ae34d2880a45401ce79b359db},
  keywords = {dblp},
  pages = {1043-1051},
  timestamp = {2013-02-22T00:00:00.000+0100},
  title = {Dimensionality Dependent PAC-Bayes Margin Bound.},
  year = 2012,
  language = {english}
}

@inproceedings{frey12iip,
    title = {Применение комбинаторных оценок вероятности переобучения в~простом голосовании пороговых конъюнкций},
    author = {Фрей, А. И. and Ивахненко, А. А. and Решетняк, И. М.},
    booktitle = "Межд. конф. Интеллектуализация обработки информации ИОИ-9",
    publisher = "М.:~МАКС Пресс",
    pages = "86-89",
    year = "2012",
    language = "russian"
}

@inproceedings{Yankovskaya2007b,
    author = {Yankovskaya, A. E. and  Tsoy, Y. R.},
    title = {Selection of optimal set of diagnostic tests with use of evolutionary approach in intelligent systems},
    booktitle = {5-th EUSFLAT Conference New Dimensions in Fuzzy Logic and Related Technologies},
    volume = {2},
    place = {Ostrava, Chech Republic},
    year = {2007},
    pages = {267--270},
    language = {english}
}

@inproceedings{Inyakin2008,
	author = {Дюкова, Е. В. and Инякин, А. С.},
	title = {Об асимптотически оптимальном построении тупиковых покрытий целочисленной матрицы},
    booktitle = {Математические вопросы кибернетики},
    publisher = {М.:~Физматлит.},
    year = {2008},
    volume = {17},
    pages = {247--262},
    language = {russian}
}

@inproceedings{frey11mmro,
    title = {Метод порождающих и запрещающих множеств для рандомизированного метода минимизации эмпирического риска},
    author = {Фрей, А. И.},
    booktitle = "Всеросс. конф. Математические методы распознавания образов-15",
    publisher = "М.:~МАКС Пресс",
    pages = "60--63",
    year = "2011",
    language = "russian"
}

@inproceedings{frey12euro,
    title = {Geometrical properties of connected search spaces for binary classification problem},
    author = {Frey, A. I.},
    booktitle = "25th European Conference on Operational Research",
    year = "2012",
    language = "english",
}

@article{voron12jmlda-eng,
    title = {Computable combinatorial overfitting bounds},
    author = {Vorontsov, K. and Frey, A. I. and Sokolov, E.},
    journal = "Machine learning and data analysis",
    year = "2013",
    language = "english",
    volume = "1(6)",
    pages = "724--733"
}

@article{frey12jmlda,
    title = {Комбинаторные оценки вероятности переобучения на основе кластеризации и покрытий множества алгоритмов},
    author = {Фрей, А. И. and Толстихин, И. О.},
    journal = "Machine learning and data analysis",
    year = "2013",
    volume = "1(6)",
    pages = "751--767",
    language = "russian"
}

@inproceedings{frey09mipt,
    title = {Точные оценки вероятности переобучения для симметричных семейств алгоритмов},
    author = {Фрей, А. И.},
    booktitle = "Труды 52-й научной конференции МФТИ <<Современные проблемы фундаментальных и прикладных наук>>.
        Часть II. Управление и прикладная математика.",
    publisher = "М.:~МФТИ",
    pages = "106--109",
    year = "2009",
    language = "russian",
}

@article{bousquet2002bennett,
  title={A Bennett concentration inequality and its application to suprema of empirical processes},
  author={Bousquet, O.},
  journal={Comptes Rendus Mathematique},
  volume={334},
  number={6},
  pages={495--500},
  year={2002},
  publisher={Elsevier},
  language={english}
}

@article{klein2002,
    title = {Une inegalite de concentration a gauche pour les processus empiriques},
    author = {Klein, T.},
    year = {2002},
    journal = {C.R. Acad. Sci. Paris},
    volume = {334},
    pages = {500–505},
    language = {english}
}

@article{koltchinskii2006local,
  title={Local Rademacher complexities and oracle inequalities in risk minimization},
  author={Koltchinskii, Vladimir},
  journal={The Annals of Statistics},
  volume={34},
  number={6},
  pages={2593--2656},
  year={2006},
  publisher={Institute of Mathematical Statistics}
}

@inproceedings{esokolov12iip,
    title = {Минимизация вероятности переобучения для композиций линейных классификаторов малой размерности},
    author = {Соколов, Е. А. and Воронцов, К. В.},
    booktitle = "Межд. конф. Интеллектуализация обработки информации ИОИ-9",
    publisher = "М.:~МАКС Пресс",
    pages = "85-85",
    year = "2012",
    language = "russian"
}

@incollection{bousquet2004introduction,
  title={Introduction to statistical learning theory},
  author={Bousquet, Olivier and Boucheron, St{\'e}phane and Lugosi, G{\'a}bor},
  booktitle={Advanced Lectures on Machine Learning},
  pages={169--207},
  year={2004},
  publisher={Springer}
}

@article{lugosi2004concentration,
  title={Concentration-of-measure inequalities},
  author={Lugosi, G{\'a}bor},
  year={2004},
  publisher={Citeseer}
}

@inproceedings{mcallester1998some,
  title={Some pac-bayesian theorems},
  author={McAllester, David A},
  booktitle={Proceedings of the eleventh annual conference on Computational learning theory},
  pages={230--234},
  year={1998},
  organization={ACM}
}

@article{talagrand1996new,
  title={New concentration inequalities in product spaces},
  author={Talagrand, Michel},
  journal={Inventiones mathematicae},
  volume={126},
  number={3},
  pages={505--563},
  year={1996},
  publisher={Springer}
}

@inproceedings{khachai2006computational,
  title={Computational complexity of the minimum committee problem and related problems},
  author={Khachai, M. Yu},
  booktitle={Doklady Mathematics},
  volume={73},
  number={1},
  pages={138--141},
  year={2006},
  organization={Springer}
}

@article{khachai2000length,
  title={О длине обучающей выборки для комитетного решающего правила},
  author={Хачай, М. Ю.},
  booktitle={Искусственный интеллект},
  year={2000},
  number={2},
  pages={219--223},
  language = "russian"
}

@article{pytkeev2012topology,
  title={Топологические свойства измеримых структур и достаточные условия равномерной сходимости частот к~вероятностям},
  author={Пыткеев, Е. Г. and Хачай, М. Ю.},
  booktitle={Автомат. и телемех.},
  year={2012},
  number={2},
  pages={89--98},
  language = "russian"
}
